<record><leader>00000cas a22000007a 4500</leader><controlfield tag="001">24902504</controlfield><controlfield tag="008">911206c19889999iauwr ne      0    0eng d</controlfield><datafield ind1=" " ind2=" " tag="010"><subfield code="a">sn 91056027 </subfield></datafield><datafield ind1=" " ind2=" " tag="040"><subfield code="a">INP</subfield><subfield code="b">eng</subfield><subfield code="c">INP</subfield><subfield code="d">OCLCQ</subfield></datafield><datafield ind1=" " ind2=" " tag="042"><subfield code="a">msc</subfield></datafield><datafield ind1="0" ind2=" " tag="130"><subfield code="a">Van Buren County register (Keosauqua, Iowa : 1988)</subfield></datafield><datafield ind1="1" ind2="4" tag="245"><subfield code="a">The Van Buren County register.</subfield></datafield><datafield ind1=" " ind2=" " tag="260"><subfield code="a">Keosauqua, IA :</subfield><subfield code="b">Louisa Pub. Co.,</subfield><subfield code="c">1988-</subfield></datafield><datafield ind1=" " ind2=" " tag="300"><subfield code="a">v. :</subfield><subfield code="b">ill.</subfield></datafield><datafield ind1=" " ind2=" " tag="310"><subfield code="a">Weekly</subfield></datafield><datafield ind1="0" ind2=" " tag="362"><subfield code="a">July 14, 1988-</subfield></datafield><datafield ind1=" " ind2=" " tag="752"><subfield code="a">United States</subfield><subfield code="b">Iowa</subfield><subfield code="c">Van Buren</subfield><subfield code="d">Keosauqua.</subfield></datafield><datafield ind1="0" ind2="0" tag="780"><subfield code="t">Van Buren register (Keosauqua, Iowa : 1982)</subfield><subfield code="w">(DLC)sn 87058052</subfield></datafield></record>